<record><leader>00000cas a2200000 a 4500</leader><controlfield tag="001">11659429</controlfield><controlfield tag="008">850205d18951905ksuwr ne      0   a0eng d</controlfield><datafield ind1=" " ind2=" " tag="010"><subfield code="a">sn 85030890 </subfield></datafield><datafield ind1=" " ind2=" " tag="040"><subfield code="a">KSH</subfield><subfield code="b">eng</subfield><subfield code="c">KSH</subfield><subfield code="d">NPT</subfield><subfield code="d">OCL</subfield><subfield code="d">OCLCQ</subfield></datafield><datafield ind1=" " ind2=" " tag="042"><subfield code="a">msc</subfield></datafield><datafield ind1="0" ind2="4" tag="245"><subfield code="a">The Kiowa County signal and the Kiowa County times.</subfield></datafield><datafield ind1=" " ind2=" " tag="260"><subfield code="a">Greensburg, Kan. :</subfield><subfield code="b">Jas. I. Parcel,</subfield><subfield code="c">1895-1905.</subfield></datafield><datafield ind1=" " ind2=" " tag="300"><subfield code="a">10 v. :</subfield><subfield code="b">ill. ;</subfield><subfield code="c">49-60 cm.</subfield></datafield><datafield ind1=" " ind2=" " tag="310"><subfield code="a">Weekly</subfield></datafield><datafield ind1="0" ind2=" " tag="362"><subfield code="a">Vol. 10, no. 31 (Sept. 20, 1895)-v. 20, no. 6 (Jan. 13, 1905).</subfield></datafield><datafield ind1=" " ind2=" " tag="500"><subfield code="a">Published by: Holmes &amp; Stevens, Feb. 1, 1901-May 2, 1902; Holmes &amp; Stullett, May 9, 1902-Mar. 20, 1903; A.H. Holmes, Mar. 27, 1903-Jan. 13, 1905.</subfield></datafield><datafield ind1=" " ind2=" " tag="525"><subfield code="a">Includes supplements.</subfield></datafield><datafield ind1=" " ind2=" " tag="752"><subfield code="a">United States</subfield><subfield code="b">Kansas</subfield><subfield code="c">Kiowa</subfield><subfield code="d">Greensburg.</subfield></datafield><datafield ind1="0" ind2="4" tag="780"><subfield code="t">Kiowa County signal (Greensburg, Kan. : 1886)</subfield><subfield code="w">(DLC)sn 85030889</subfield></datafield><datafield ind1="0" ind2="4" tag="780"><subfield code="t">Kiowa County times</subfield><subfield code="w">(DLC)sn 85030887</subfield></datafield><datafield ind1="0" ind2="0" tag="785"><subfield code="t">Kiowa County signal (Greensburg, Kan. : 1905)</subfield><subfield code="w">(DLC)sn 85030891</subfield></datafield></record>